@article{cao2010mining,
  title={Mining significant semantic locations from GPS data},
  author={Cao, Xin and Cong, Gao and Jensen, Christian S},
  journal={Proceedings of the VLDB Endowment},
  volume={3},
  number={1-2},
  pages={1009--1020},
  year={2010},
  publisher={VLDB Endowment}
}
@article{bhaskar2015passenger,
  title={Passenger segmentation using smart card data},
  author={Bhaskar, Ashish and Chung, Edward and others},
  journal={IEEE Transactions on intelligent transportation systems},
  volume={16},
  number={3},
  pages={1537--1548},
  year={2015},
  publisher={IEEE}
}
@inproceedings{lee2007trajectory,
  title={Trajectory clustering: a partition-and-group framework},
  author={Lee, Jae-Gil and Han, Jiawei and Whang, Kyu-Young},
  booktitle={Proceedings of the 2007 ACM SIGMOD international conference on Management of data},
  pages={593--604},
  year={2007},
  organization={ACM}
}
@article{han2015road,
  title={Road-network aware trajectory clustering: Integrating locality, flow, and density},
  author={Han, Binh and Liu, Ling and Omiecinski, Edward},
  journal={IEEE Transactions on Mobile Computing},
  volume={14},
  number={2},
  pages={416--429},
  year={2015},
  publisher={IEEE}
}
@inproceedings{yi1998efficient,
  title={Efficient retrieval of similar time sequences under time warping},
  author={Yi, Byoung-Kee and Jagadish, HV and Faloutsos, Christos},
  booktitle={Data Engineering, 1998. Proceedings., 14th International Conference on},
  pages={201--208},
  year={1998},
  organization={IEEE}
}
@inproceedings{yanagisawa2003shape,
  title={Shape-based similarity query for trajectory of mobile objects},
  author={Yanagisawa, Yutaka and Akahani, Jun-ichi and Satoh, Tetsuji},
  booktitle={Mobile data management},
  pages={63--77},
  year={2003},
  organization={Springer}
}
@inproceedings{lin2005shapes,
  title={Shapes based trajectory queries for moving objects},
  author={Lin, Bin and Su, Jianwen},
  booktitle={Proceedings of the 13th annual ACM international workshop on Geographic information systems},
  pages={21--30},
  year={2005},
  organization={ACM}
}

@inproceedings{vlachos2002robust,
  title={Robust similarity measures for mobile object trajectories},
  author={Vlachos, Michail and Gunopulos, Dimitrios and Kollios, George},
  booktitle={Database and Expert Systems Applications, 2002. Proceedings. 13th International Workshop on},
  pages={721--726},
  year={2002},
  organization={IEEE}
}

@inproceedings{vlachos2002discovering,
  title={Discovering similar multidimensional trajectories},
  author={Vlachos, Michail and Kollios, George and Gunopulos, Dimitrios},
  booktitle={Data Engineering, 2002. Proceedings. 18th International Conference on},
  pages={673--684},
  year={2002},
  organization={IEEE}
}

@inproceedings{chen2005robust,
  title={Robust and fast similarity search for moving object trajectories},
  author={Chen, Lei and {\"O}zsu, M Tamer and Oria, Vincent},
  booktitle={Proceedings of the 2005 ACM SIGMOD international conference on Management of data},
  pages={491--502},
  year={2005},
  organization={ACM}
}
@inproceedings{sakurai2005ftw,
  title={FTW: fast similarity search under the time warping distance},
  author={Sakurai, Yasushi and Yoshikawa, Masatoshi and Faloutsos, Christos},
  booktitle={Proceedings of the twenty-fourth ACM SIGMOD-SIGACT-SIGART symposium on Principles of database systems},
  pages={326--337},
  year={2005},
  organization={ACM}
}

@inproceedings{gaffney1999trajectory,
  title={Trajectory clustering with mixtures of regression models},
  author={Gaffney, Scott and Smyth, Padhraic},
  booktitle={Proceedings of the fifth ACM SIGKDD international conference on Knowledge discovery and data mining},
  pages={63--72},
  year={1999},
  organization={ACM}
}
@inproceedings{roh2010nncluster,
  title={Nncluster: An efficient clustering algorithm for road network trajectories},
  author={Roh, Gook-Pil and Hwang, Seung-won},
  booktitle={International Conference on Database Systems for Advanced Applications},
  pages={47--61},
  year={2010},
  organization={Springer}
}
@article{hwang2005spatio,
  title={Spatio-temporal similarity analysis between trajectories on road networks},
  author={Hwang, Jung-Rae and Kang, Hye-Young and Li, Ki-Joune},
  journal={Perspectives in Conceptual Modeling},
  pages={280--289},
  year={2005},
  publisher={Springer}
}
@article{chang2007spatio,
  title={Spatio-temporal similarity measure algorithm for moving objects on spatial networks},
  author={Chang, Jae-Woo and Bista, Rabindra and Kim, Young-Chang and Kim, Yong-Ki},
  journal={Computational Science and Its Applications--ICCSA 2007},
  pages={1165--1178},
  year={2007},
  publisher={Springer}
}
@inproceedings{tiakas2006trajectory,
  title={Trajectory similarity search in spatial networks},
  author={Tiakas, Eleftherios and Papadopoulos, Apostolos N and Nanopoulos, Alexandros and Manolopoulos, Yannis and Stojanovic, Dragan and Djordjevic-Kajan, Slobodanka},
  booktitle={Database Engineering and Applications Symposium, 2006. IDEAS'06. 10th International},
  pages={185--192},
  year={2006},
  organization={IEEE}
}

@inproceedings{yiu2004clustering,
  title={Clustering objects on a spatial network},
  author={Yiu, Man Lung and Mamoulis, Nikos},
  booktitle={Proceedings of the 2004 ACM SIGMOD international conference on Management of data},
  pages={443--454},
  year={2004},
  organization={ACM}
}

@book{han2011data,
  title={Data mining: concepts and techniques},
  author={Han, Jiawei and Pei, Jian and Kamber, Micheline},
  year={2011},
  publisher={Elsevier}
}

@book{kaufman2009finding,
  title={Finding groups in data: an introduction to cluster analysis},
  author={Kaufman, Leonard and Rousseeuw, Peter J},
  volume={344},
  year={2009},
  publisher={John Wiley \& Sons}
}

@article{livnybirch,
  title={BIRCH: An E cient Data Clustering Method for Very Large Databases},
  author={Livny, Miron}
}

@inproceedings{ng1994cient,
  title={E cient and E ective clustering methods for spatial data mining},
  author={Ng, Raymond T and Han, Jiawei},
  booktitle={Proceedings of VLDB},
  pages={144--155},
  year={1994},
  organization={Citeseer}
}

@inproceedings{ester1996density,
  title={A density-based algorithm for discovering clusters in large spatial databases with noise.},
  author={Ester, Martin and Kriegel, Hans-Peter and Sander, J{\"o}rg and Xu, Xiaowei and others},
  booktitle={Kdd},
  volume={96},
  number={34},
  pages={226--231},
  year={1996}
}

@inproceedings{ankerst1999optics,
  title={OPTICS: ordering points to identify the clustering structure},
  author={Ankerst, Mihael and Breunig, Markus M and Kriegel, Hans-Peter and Sander, J{\"o}rg},
  booktitle={ACM Sigmod record},
  volume={28},
  number={2},
  pages={49--60},
  year={1999},
  organization={ACM}
}

@inproceedings{kumar2016understanding,
  title={Understanding Urban Mobility via Taxi Trip Clustering},
  author={Kumar, Dheeraj and Wu, Huayu and Lu, Yu and Krishnaswamy, Shonali and Palaniswami, Marimuthu},
  booktitle={Mobile Data Management (MDM), 2016 17th IEEE International Conference on},
  volume={1},
  pages={318--324},
  year={2016},
  organization={IEEE}
}
@article{kumar2016hybrid,
  title={A hybrid approach to clustering in big data},
  author={Kumar, Dheeraj and Bezdek, James C and Palaniswami, Marimuthu and Rajasegarar, Sutharshan and Leckie, Christopher and Havens, Timothy Craig},
  journal={IEEE transactions on cybernetics},
  volume={46},
  number={10},
  pages={2372--2385},
  year={2016},
  publisher={IEEE}
}

@article{pelekis2010unsupervised,
  title={Unsupervised trajectory sampling},
  author={Pelekis, Nikos and Kopanakis, Ioannis and Panagiotakis, Costas and Theodoridis, Yannis},
  journal={Machine learning and knowledge discovery in databases},
  pages={17--33},
  year={2010},
  publisher={Springer}
}